<record><leader>00000cas a22000007a 4500</leader><controlfield tag="001">11205564</controlfield><controlfield tag="008">840927u1927uuuunyuwr ne      0    0eng d</controlfield><datafield ind1=" " ind2=" " tag="010"><subfield code="a">sn 84031644 </subfield></datafield><datafield ind1=" " ind2=" " tag="040"><subfield code="a">NYG</subfield><subfield code="b">eng</subfield><subfield code="c">NYG</subfield><subfield code="d">NYS</subfield><subfield code="d">OCLCQ</subfield></datafield><datafield ind1=" " ind2=" " tag="042"><subfield code="a">msc</subfield></datafield><datafield ind1="0" ind2="0" tag="245"><subfield code="a">Castleton independent.</subfield></datafield><datafield ind1=" " ind2=" " tag="260"><subfield code="a">Castleton-on-Hudson, N.Y. :</subfield><subfield code="b">Rensselaer Newspaper Corp.,</subfield><subfield code="c">[1927]-</subfield></datafield><datafield ind1=" " ind2=" " tag="300"><subfield code="a">v. :</subfield><subfield code="b">ill. ;</subfield><subfield code="c">55 cm.</subfield></datafield><datafield ind1=" " ind2=" " tag="310"><subfield code="a">Weekly</subfield></datafield><datafield ind1="1" ind2=" " tag="362"><subfield code="a">Began in 1927.</subfield><subfield code="z">Cf. Ayer, 1928.</subfield></datafield><datafield ind1=" " ind2=" " tag="500"><subfield code="a">Published on Friday.</subfield></datafield><datafield ind1=" " ind2=" " tag="500"><subfield code="a">"Official newspaper of Castleton-on-Hudson."</subfield></datafield><datafield ind1=" " ind2=" " tag="500"><subfield code="a">"The vocation of every man and woman is to serve other people."</subfield></datafield><datafield ind1=" " ind2=" " tag="588"><subfield code="a">Description based on: Vol. 3, no. 17 (Dec. 7, 1928).</subfield></datafield><datafield ind1=" " ind2="4" tag="651"><subfield code="a">Castleton-on-Hudson (N.Y.)</subfield><subfield code="v">Newspapers.</subfield></datafield><datafield ind1=" " ind2=" " tag="752"><subfield code="a">United States</subfield><subfield code="b">New York</subfield><subfield code="c">Rensselaer</subfield><subfield code="d">Castleton-on-Hudson.</subfield></datafield></record>